<record><leader>00000cas a2200000 a 4500</leader><controlfield tag="001">33059960</controlfield><controlfield tag="008">950829d19321935caudr ne      0    0jpn c</controlfield><datafield ind1=" " ind2=" " tag="010"><subfield code="a">sn 95063132 </subfield></datafield><datafield ind1=" " ind2=" " tag="040"><subfield code="a">CNW</subfield><subfield code="b">eng</subfield><subfield code="c">CNW</subfield><subfield code="d">CNK</subfield><subfield code="d">OCLCQ</subfield><subfield code="d">CNK</subfield><subfield code="d">OCLCQ</subfield><subfield code="d">OCLCF</subfield><subfield code="d">OCLCO</subfield><subfield code="d">OCL</subfield><subfield code="d">OCLCQ</subfield></datafield><datafield ind1="0" ind2=" " tag="041"><subfield code="a">jpn</subfield><subfield code="a">eng</subfield></datafield><datafield ind1=" " ind2=" " tag="042"><subfield code="a">pcc</subfield></datafield><datafield ind1=" " ind2=" " tag="043"><subfield code="a">n-us-ca</subfield></datafield><datafield ind1="0" ind2="0" tag="245"><subfield code="a">Shinsekai nichinichi shinbun =</subfield><subfield code="b">New world daily news.</subfield></datafield><datafield ind1="1" ind2="3" tag="246"><subfield code="a">New world daily news</subfield></datafield><datafield ind1=" " ind2=" " tag="260"><subfield code="a">San Francisco, Calif. :</subfield><subfield code="b">T. Mihara</subfield></datafield><datafield ind1=" " ind2=" " tag="300"><subfield code="a">volumes</subfield></datafield><datafield ind1=" " ind2=" " tag="310"><subfield code="a">Daily</subfield></datafield><datafield ind1=" " ind2=" " tag="336"><subfield code="a">text</subfield><subfield code="b">txt</subfield><subfield code="2">rdacontent</subfield></datafield><datafield ind1=" " ind2=" " tag="337"><subfield code="a">unmediated</subfield><subfield code="b">n</subfield><subfield code="2">rdamedia</subfield></datafield><datafield ind1=" " ind2=" " tag="338"><subfield code="a">volume</subfield><subfield code="b">nc</subfield><subfield code="2">rdacarrier</subfield></datafield><datafield ind1="1" ind2=" " tag="362"><subfield code="a">Began in 1932.</subfield></datafield><datafield ind1="0" ind2=" " tag="362"><subfield code="a">-dai 956-go&#772; (Sho&#772;wa 10-nen 6-gatsu 19-nichi) [i.e. June 19, 1935].</subfield></datafield><datafield ind1=" " ind2=" " tag="530"><subfield code="a">Master negatives are available for duplication from:</subfield><subfield code="b">California Newspaper Microfilm Archive;</subfield><subfield code="c">for further information consult the CNMA at:</subfield><subfield code="u">http://cbsr.ucr.edu</subfield></datafield><datafield ind1=" " ind2=" " tag="546"><subfield code="a">In Japanese. Includes section in English, Jan. 6, 1933-</subfield></datafield><datafield ind1=" " ind2=" " tag="588"><subfield code="a">Description based on: Dai 15-go&#772; (Sho&#772;wa 7-nen 11-gatsu 1-nichi) [i.e. Nov. 1, 1932].</subfield></datafield><datafield ind1=" " ind2="0" tag="650"><subfield code="a">Japanese Americans</subfield><subfield code="z">California</subfield><subfield code="z">San Francisco</subfield><subfield code="v">Newspapers.</subfield></datafield><datafield ind1=" " ind2="0" tag="650"><subfield code="a">Japanese newspapers</subfield><subfield code="z">California</subfield><subfield code="z">San Francisco.</subfield></datafield><datafield ind1=" " ind2="0" tag="651"><subfield code="a">San Francisco (Calif.)</subfield><subfield code="v">Newspapers.</subfield></datafield><datafield ind1=" " ind2="7" tag="650"><subfield code="a">Japanese newspapers.</subfield><subfield code="2">fast</subfield><subfield code="0">(OCoLC)fst00981873</subfield></datafield><datafield ind1=" " ind2="7" tag="650"><subfield code="a">Japanese Americans.</subfield><subfield code="2">fast</subfield><subfield code="0">(OCoLC)fst00981441</subfield></datafield><datafield ind1=" " ind2="7" tag="651"><subfield code="a">California</subfield><subfield code="z">San Francisco.</subfield><subfield code="2">fast</subfield><subfield code="0">(OCoLC)fst01204481</subfield></datafield><datafield ind1=" " ind2="7" tag="655"><subfield code="a">Newspapers.</subfield><subfield code="2">fast</subfield><subfield code="0">(OCoLC)fst01423814</subfield></datafield><datafield ind1=" " ind2=" " tag="752"><subfield code="a">United States</subfield><subfield code="b">California</subfield><subfield code="c">San Francisco</subfield><subfield code="d">San Francisco.</subfield></datafield><datafield ind1="0" ind2="0" tag="780"><subfield code="t">Nikkan shinsekai</subfield><subfield code="w">(DLC)sn 95061010</subfield></datafield><datafield ind1="0" ind2="7" tag="785"><subfield code="t">Hokubei asahi</subfield><subfield code="w">(DLC)sn 95063114</subfield></datafield><datafield ind1="0" ind2="7" tag="785"><subfield code="t">Shinsekai asahi shinbun</subfield><subfield code="w">(DLC)sn 96064426</subfield></datafield><datafield ind1="1" ind2=" " tag="029"><subfield code="a">AU@</subfield><subfield code="b">000015766718</subfield></datafield><datafield ind1="1" ind2=" " tag="029"><subfield code="a">AU@</subfield><subfield code="b">000025885132</subfield></datafield></record>